@book{Smith:2021qr,
	title = {Book Title},
	publisher = {Publisher},
	author = {Labrihmi, Naoufal},
	year = {2025},
	edition = {1th},
}

@article{Naoufal:2025jd,
	author = {Labrihmi, Naoufal},
	title = {Article Title},
	journal = {Journal Title},
	year = {2025},
	volume = {13},
	pages = {123-456},
	number = {52},
	month = {3},
	publisher = {Publisher},
	doi = {10.1038/s41586-021-03616-x},
}